@book{BookPezze2008,
  title={Software testing and analysis: process, principles, and techniques},
  author={Pezz{\`e}, M. and Young, M.},
  isbn={9780471455936},
  lccn={2008299671},
  year={2008},
  publisher={Wiley}
}