@ONLINE{WebSpark2017,
title={Apache Spark™ - Lightning-Fast Cluster Computing},
url={http://spark.apache.org/},
urldate={2017}
}
@misc{WebDatabricks2017, 
title={The Best Place to Run Apache® Spark™}, 
url={https://databricks.com/}, 
urldate={2017}
}
@misc{WebScala2017, 
title={The Scala Programming Language},
url={https://www.scala-lang.org/},
urldate={2017}
}